<record xmlns="http://www.loc.gov/MARC21/slim">
  <leader>01150cam a2200277 | 4500</leader>
  <controlfield tag="001">87193</controlfield>
  <controlfield tag="008">062976m18751876gx      b           fre l</controlfield>
  <datafield tag="035" ind1=" " ind2=" ">
    <subfield code="a">ocn461575788</subfield>
  </datafield>
  <datafield tag="039" ind1="0" ind2=" ">
    <subfield code="a">0138689P</subfield>
    <subfield code="f">KN</subfield>
  </datafield>
  <datafield tag="040" ind1=" " ind2=" ">
    <subfield code="a">DLC</subfield>
    <subfield code="b">eng</subfield>
  </datafield>
  <datafield tag="049" ind1=" " ind2=" ">
    <subfield code="a">aeu</subfield>
    <subfield code="b">eng</subfield>
  </datafield>
  <datafield tag="050" ind1="0" ind2=" ">
    <subfield code="a">JX 02</subfield>
    <subfield code="b">4</subfield>
  </datafield>
  <datafield tag="090" ind1="0" ind2=" ">
    <subfield code="a">JX 02 4</subfield>
    <subfield code="b">LL</subfield>
  </datafield>
  <datafield tag="100" ind1="1" ind2="0">
    <subfield code="a">Martens, G. F. de</subfield>
    <subfield code="q">(Georg Friedrich),</subfield>
    <subfield code="d">1756-1821.</subfield>
  </datafield>
  <datafield tag="245" ind1="1" ind2="0">
    <subfield code="a">Table générale du Recueil des traités de G. F. de Martens et de ses continuateurs.  </subfield>
    <subfield code="b">1494-1874.  Recueil (1er édition) 7 volumes - Suppléments, 4 volumes - Recueil (2e edition) 8 volumes - Nouveau Recueil, 16 volumes - Nouveaux Suppléments, 3 volumes - Nouveau Recueil général, 20 volumes.</subfield>
  </datafield>
  <datafield tag="260" ind1="0" ind2=" ">
    <subfield code="a">Gottingue, </subfield>
    <subfield code="b">Dieterich, </subfield>
    <subfield code="c">1875-1876.</subfield>
  </datafield>
  <datafield tag="300" ind1=" " ind2=" ">
    <subfield code="a">2 v. </subfield>
    <subfield code="c">cm.</subfield>
  </datafield>
  <datafield tag="500" ind1=" " ind2=" ">
    <subfield code="a">Microfiche.  Washington, D. C., Microcard Editions.  14 sheets. 7.5 x 12.5 cm.</subfield>
  </datafield>
  <datafield tag="500" ind1=" " ind2=" ">
    <subfield code="a">Card 1 missing.</subfield>
  </datafield>
  <datafield tag="500" ind1=" " ind2=" ">
    <subfield code="a">Preface signed by J. Hopf.</subfield>
  </datafield>
  <datafield tag="596" ind1=" " ind2=" ">
    <subfield code="a">38</subfield>
  </datafield>
  <datafield tag="650" ind1=" " ind2="0">
    <subfield code="a">Treaties</subfield>
  </datafield>
  <datafield tag="650" ind1=" " ind2="0">
    <subfield code="a">International law and relations</subfield>
    <subfield code="x">Sources.</subfield>
  </datafield>
  <datafield tag="651" ind1=" " ind2="0">
    <subfield code="a">Europe</subfield>
    <subfield code="x">Politics and government</subfield>
  </datafield>
  <datafield tag="700" ind1="1" ind2="0">
    <subfield code="a">Hopf, Julius,</subfield>
    <subfield code="d">1839-1886.</subfield>
  </datafield>
  <datafield tag="926" ind1=" " ind2=" ">
    <subfield code="a">UABARD</subfield>
    <subfield code="b">MICROFICHE</subfield>
    <subfield code="c">JX 02 4 (14 fiche)</subfield>
    <subfield code="d">MICROFORM</subfield>
    <subfield code="f">1</subfield>
  </datafield>
</record>
